<record><leader>00000cas a2200000 a 4500</leader><controlfield tag="001">28485684</controlfield><controlfield tag="008">930722c19uu9999iluwr ne      0    0eng c</controlfield><controlfield tag="009">11088</controlfield><datafield ind1=" " ind2=" " tag="010"><subfield code="a">sn 93055760 </subfield></datafield><datafield ind1=" " ind2=" " tag="040"><subfield code="a">NVF</subfield><subfield code="b">eng</subfield><subfield code="c">NVF</subfield><subfield code="d">OCLCQ</subfield><subfield code="d">NVF</subfield></datafield><datafield ind1="1" ind2=" " tag="029"><subfield code="a">AU@</subfield><subfield code="b">000025848537</subfield></datafield><datafield ind1=" " ind2=" " tag="042"><subfield code="a">pcc</subfield></datafield><datafield ind1=" " ind2=" " tag="043"><subfield code="a">n-us-il</subfield></datafield><datafield ind1="0" ind2=" " tag="130"><subfield code="a">Weekly messenger (Pleasant Hill, Ill.)</subfield></datafield><datafield ind1="1" ind2="4" tag="245"><subfield code="a">The weekly messenger.</subfield></datafield><datafield ind1=" " ind2=" " tag="260"><subfield code="a">Pleasant Hill, Pike County, Ill. :</subfield><subfield code="b">L.L. Weir</subfield></datafield><datafield ind1=" " ind2=" " tag="300"><subfield code="a">v.</subfield></datafield><datafield ind1=" " ind2=" " tag="310"><subfield code="a">Weekly</subfield></datafield><datafield ind1=" " ind2=" " tag="588"><subfield code="a">Description based on: Vol. 27, no. 16 (May 7, 1931).</subfield></datafield><datafield ind1=" " ind2="0" tag="651"><subfield code="a">Pleasant Hill (Ill.)</subfield><subfield code="v">Newspapers.</subfield></datafield><datafield ind1=" " ind2=" " tag="752"><subfield code="a">United States</subfield><subfield code="b">Illinois</subfield><subfield code="c">Pike</subfield><subfield code="d">Pleasant Hill.</subfield></datafield></record>